%% This BibTeX bibliography file was created using BibDesk.
%% http://bibdesk.sourceforge.net/

%% Created for Ahsan Saba at 2017-12-11 20:35:36 +0200 


%% Saved with string encoding Unicode (UTF-8) 



@inproceedings{hossfeld2011quantification,
	Author = {Ho{\ss}feld, Tobias and Seufert, Michael and Hirth, Matthias and Zinner, Thomas and Tran-Gia, Phuoc and Schatz, Raimund},
	Booktitle = {Multimedia (ISM), 2011 IEEE International Symposium on},
	Date-Added = {2017-12-07 19:23:42 +0000},
	Date-Modified = {2017-12-07 19:23:42 +0000},
	Organization = {IEEE},
	Pages = {494--499},
	Title = {Quantification of YouTube QoE via crowdsourcing},
	Year = {2011}}

@inproceedings{muller2012evaluation,
	Author = {M{\"u}ller, Christopher and Lederer, Stefan and Timmerer, Christian},
	Booktitle = {Proceedings of the 4th Workshop on Mobile Video},
	Date-Added = {2017-12-07 16:23:09 +0000},
	Date-Modified = {2017-12-07 16:23:09 +0000},
	Organization = {ACM},
	Pages = {37--42},
	Title = {An evaluation of dynamic adaptive streaming over HTTP in vehicular environments},
	Year = {2012}}

@inproceedings{bouzakaria2015fast,
	Author = {Bouzakaria, Nassima and Concolato, Cyril and Le Feuvre, Jean},
	Booktitle = {Multimedia Signal Processing (MMSP), 2015 IEEE 17th International Workshop on},
	Date-Added = {2017-12-07 16:22:24 +0000},
	Date-Modified = {2017-12-07 16:22:24 +0000},
	Organization = {IEEE},
	Pages = {1--6},
	Title = {Fast DASH bootstrap},
	Year = {2015}}

@inproceedings{mueller2013dynamic,
	Author = {Mueller, Christopher and Lederer, Stefan and Timmerer, Christian and Hellwagner, Hermann},
	Booktitle = {Multimedia and Expo (ICME), 2013 IEEE International Conference on},
	Date-Added = {2017-12-07 16:21:20 +0000},
	Date-Modified = {2017-12-07 16:21:20 +0000},
	Organization = {IEEE},
	Pages = {1--6},
	Title = {Dynamic adaptive streaming over HTTP/2.0},
	Year = {2013}}

@inproceedings{karagkioules2017comparative,
	Author = {Karagkioules, Theodoros and Concolato, Cyril and Tsilimantos, Dimitrios and Valentin, Stefan},
	Booktitle = {Proceedings of the 27th Workshop on Network and Operating Systems Support for Digital Audio and Video},
	Date-Added = {2017-12-06 17:12:48 +0000},
	Date-Modified = {2017-12-06 17:12:48 +0000},
	Organization = {ACM},
	Pages = {1--6},
	Title = {A comparative case study of HTTP adaptive streaming algorithms in mobile networks},
	Year = {2017}}

@article{huang2015buffer,
	Author = {Huang, Te-Yuan and Johari, Ramesh and McKeown, Nick and Trunnell, Matthew and Watson, Mark},
	Date-Added = {2017-12-06 17:11:54 +0000},
	Date-Modified = {2017-12-06 17:11:54 +0000},
	Journal = {ACM SIGCOMM Computer Communication Review},
	Number = {4},
	Pages = {187--198},
	Publisher = {ACM},
	Title = {A buffer-based approach to rate adaptation: Evidence from a large video streaming service},
	Volume = {44},
	Year = {2015}}

@inproceedings{bhat2017network,
	Author = {Bhat, Divyashri and Rizk, Amr and Zink, Michael and Steinmetz, Ralf},
	Booktitle = {Proceedings of the 8th ACM on Multimedia Systems Conference},
	Date-Added = {2017-12-05 12:43:07 +0000},
	Date-Modified = {2017-12-05 12:43:07 +0000},
	Organization = {ACM},
	Pages = {62--75},
	Title = {Network Assisted Content Distribution for Adaptive Bitrate Video Streaming},
	Year = {2017}}

@article{thomas2015enhancing,
	Author = {Thomas, Emmanuel and van Deventer, MO and Stockhammer, Thomas and Begen, Ali C and Famaey, Jeroen},
	Date-Added = {2017-12-05 12:17:38 +0000},
	Date-Modified = {2017-12-05 12:17:38 +0000},
	Publisher = {IET},
	Title = {Enhancing MPEG DASH performance via server and network assistance},
	Year = {2015}}

@inproceedings{mcquistin2016tcp2,
	Author = {McQuistin, Stephen and Perkins, Colin and Fayed, Marwan},
	Booktitle = {IFIP Networking Conference (IFIP Networking) and Workshops, 2016},
	Date-Added = {2017-11-09 19:10:58 +0000},
	Date-Modified = {2017-11-09 19:11:21 +0000},
	Organization = {IEEE},
	Pages = {422--430},
	Title = {TCP Hollywood: An unordered, time-lined, TCP for networked multimedia applications},
	Year = {2016}}

@inproceedings{mcquistin2016tcp,
	Author = {McQuistin, Stephen and Perkins, Colin and Fayed, Marwan},
	Booktitle = {Proceedings of the 26th International Workshop on Network and Operating Systems Support for Digital Audio and Video},
	Date-Added = {2017-11-09 19:10:32 +0000},
	Date-Modified = {2017-11-09 19:10:32 +0000},
	Organization = {ACM},
	Pages = {5},
	Title = {TCP goes to Hollywood},
	Year = {2016}}

@inproceedings{wei2014low,
	Author = {Wei, Sheng and Swaminathan, Viswanathan},
	Booktitle = {Proceedings of Network and Operating System Support on Digital Audio and Video Workshop},
	Date-Added = {2017-11-08 18:31:43 +0000},
	Date-Modified = {2017-11-08 18:31:43 +0000},
	Organization = {ACM},
	Pages = {37},
	Title = {Low latency live video streaming over HTTP 2.0},
	Year = {2014}}

@inproceedings{beben2016abma+,
	Author = {Beben, Andrzej and Wi{\'s}niewski, P and Batalla, J Mongay and Krawiec, Piotr},
	Booktitle = {Proceedings of the 7th International Conference on Multimedia Systems},
	Date-Added = {2017-11-07 18:57:36 +0000},
	Date-Modified = {2017-11-07 18:57:36 +0000},
	Organization = {ACM},
	Pages = {2},
	Title = {ABMA+: lightweight and efficient algorithm for HTTP adaptive streaming},
	Year = {2016}}

@inproceedings{spiteri2016bola,
	Author = {Spiteri, Kevin and Urgaonkar, Rahul and Sitaraman, Ramesh K},
	Booktitle = {Computer Communications, IEEE INFOCOM 2016-The 35th Annual IEEE International Conference on},
	Date-Added = {2017-11-07 18:56:17 +0000},
	Date-Modified = {2017-11-07 18:56:17 +0000},
	Organization = {IEEE},
	Pages = {1--9},
	Title = {BOLA: near-optimal bitrate adaptation for online videos},
	Year = {2016}}

@article{li2014probe,
	Author = {Li, Zhi and Zhu, Xiaoqing and Gahm, Joshua and Pan, Rong and Hu, Hao and Begen, Ali C and Oran, David},
	Date-Added = {2017-11-07 18:55:54 +0000},
	Date-Modified = {2017-11-07 18:55:54 +0000},
	Journal = {IEEE Journal on Selected Areas in Communications},
	Number = {4},
	Pages = {719--733},
	Publisher = {IEEE},
	Title = {Probe and adapt: Rate adaptation for HTTP video streaming at scale},
	Volume = {32},
	Year = {2014}}

@misc{draft-ietf-quic-transport-latest,
  author = {J. Iyengar and M. Thomson},
  title = {{QUIC}: A {UDP}-Based Multiplexed and Secure Transport},
  howpublished="Work in progress",
  organization="{IETF}",
  year=2017,
  month=Dec,
}

@inproceedings{bhat:2017:not-so-quic,
	Address = {Taipei, Taiwan},
	Author = {Bhat, D. and Rizk, A. and Zink, M.},
	Booktitle = {Proceedings of the International Workshop on Network and Operating Systems Support for Digital Audio and Video ({NOSSDAV})},
	Doi = {10.1145/3083165.3083175},
	Month = {June},
	Organization = {{ACM}},
	Pages = {13--18},
	Title = {Not so {QUIC}: A Performance Study of {DASH} over {QUIC}},
	Year = {2017}}

